% This file was created with JabRef 2.9.2.
% Encoding: UTF-8

@INPROCEEDINGS{becher04:_feurig_hacken_mit_firew,
  author = {Michael Becher and Maximillian Dornseif},
  title = {{Feuriges Hacken - Spaß mit Firewire}},
  booktitle = {21C3: Proceedings of the 21st Chaos Communication Congress},
  date = {2004-12}
}

@CONFERENCE{bellard2005qfa,
  author = {Fabrice Bellard},
  title = {{QEMU, a fast and portable dynamic translator}},
  booktitle = {Proceedings of the USENIX Annual Technical Conference, FREENIX Track},
  date = {2005},
  pages = {41--46}
}

@INPROCEEDINGS{boileau06,
  author = {Adam Boileau},
  title = {{Hit by a Bus: Physical Access Attacks with Firewire}},
  booktitle = {RUXCON},
  date = {2006}
}

@BOOK{frederick95,
  author = {Brooks,Jr., Frederick P.},
  title = {The mythical man-month (anniversary ed.)},
  date = {1995},
  publisher = {Addison-Wesley Longman Publishing Co., Inc.},
  location = {Boston, MA, USA},
  isbn = {0-201-83595-9}
}

@ARTICLE{collins97a,
  author = {Robert R. Collins},
  title = {{In-Circuit Emulation: How the Microprocessor Evolved Over Time}},
  date = {1997-09},
  journal = {Dr. Dobbs Journal}
}

@ARTICLE{feske07,
  author = {Norman Feske},
  title = {{A case study on the cost and benefit of dynamic RPC marshalling
	for low-level system components}},
  date = {2007},
  volume = {41},
  number = {4},
  pages = {40--48},
  issn = {0163-5980},
  doi = {http://doi.acm.org/10.1145/1278901.1278908},
  journal = {SIGOPS Operating Systems Review},
  location = {New York, NY, USA},
  publisher = {ACM}
}

@ONLINE{green04,
  author = {Tom Green},
  title = {{1394 Kernel Debugging Tips and Tricks}},
  date = {2004},
  url = {http://download.microsoft.com/download/1/8/f/18f8cee2-0b64-41f2-893d-a6f2295b40c8/DW04001_WINHEC2004.ppt},
  note = {Slide presentation at the WinHEC 2004},
  urldate = {2009-06-03}
}

@PATENT{patent:4819234,
  author = {Huber, William S.},
  title = {Operating system debugger},
  number = {4819234},
  date = {1989-04},
  location = {Needham, MA},
  url = {http://www.freepatentsonline.com/4819234.html}
}



@ONLINE{1,
  author = {Adam Belay},
  title = {{6.S081 2020 Lecture 22: Meltdown}},
  date = {2021},
  url = {https://pdos.csail.mit.edu/6.S081/2021/lec/l-meltdown.txt},
  note = {Slide presentation at MIT},
  urldate = {2021-10-16}
}
@ONLINE{2,
  author = { The Kernel Development Community},
  title = {{Page Table Isolation}},
  date = {2019},
  url = {https://www.kernel.org/doc/html/latest/x86/pti.html},
  note = {The Linux Kernel documentation},
  urldate = {2021-10-16}
}

@ARTICLE{3,
  author = {Moritz Lipp et al},
  title = {{Meltdown: Reading Kernel Memory from User Space}},
  date = {2018},
  journal = {27th USENIX Security Symposium (USENIX Security 18)}
}


@ARTICLE{4,
  author = {Paul Kocher et al},
  title = {{Spectre Attacks: Exploiting Speculative Execution}},
  date = {2020},
  volume = {63},
  number = {7},
  pages = {93--101},
  issn = {0163-5980},
  doi = {https://doi.org/10.1145/3399742},
  journal = {Communications of the ACM},
  location = {New York, NY, USA},
  publisher = {Association for Computing Machinery}
}

@ONLINE{5,
  author = {Nael Abu-Ghazaleh,  Dmitry Evtyushkin, Dmitry Ponomarev},
  title = {{HOW THE SPECTRE AND MELTDOWN HACKS REALLY WORKED}},
  date = {2019},
  url = {https://spectrum.ieee.org/how-the-spectre-and-meltdown-hacks-really-worked},
  urldate = {2021-10-16}
}



@ARTICLE{6,

  author = {Yuhong Zhong et al},
  title = {{BPF for storage: an exokernel-inspired approach}},
  date = {2021},
  pages = {128--135},
  issn = {978-1-4503-8438-4},
  doi = {10.1145/3458336.3465290},
  journal = {HotOS '21: Proceedings of the Workshop on Hot Topics in Operating Systems},
  url = {https://dl.acm.org/doi/10.1145/3458336.3465290},
  urldate = {2021-10-16}

}


@ONLINE{7,
  author = {LF Projects, LLC},
  title = {{Data Plane Development Kit}},
  note = {DPDK},
  url = {https://www.dpdk.org/},
  urldate = {2021-10-16}
}


@ONLINE{8,
  author = {0xAX},
  title = {{System calls in the Linux kernel}},
  date = {2018},
  url = {https://0xax.gitbooks.io/linux-insides/content/SysCall/linux-syscall-2.html},
  note = {Gitbook, Linux insides},
  urldate = {2021-10-16}
}

@ONLINE{9,
  author = {Daniel Pierre Bovet},
  title = {{Implementing virtual system calls}},
  date = {2014},
  url = {https://lwn.net/Articles/615809/},
  note = {Linux.net},
  urldate = {2021-10-16}
}

@ONLINE{10,
  author = {Jonathan Corbet},
  title = {{Ringing in a new asynchronous I/O API}},
  date = {2019},
  url = {https://lwn.net/Articles/776703/},
  note = {Linux.net},
  urldate = {2021-10-16}
}

@inproceedings {11,
author = {Yuval Yarom and Katrina Falkner},
title = {FLUSH+RELOAD: A High Resolution, Low Noise, L3 Cache Side-Channel Attack},
booktitle = {23rd {USENIX} Security Symposium ({USENIX} Security 14)},
year = {2014},
isbn = {978-1-931971-15-7},
address = {San Diego, CA},
pages = {719--732},
url = {https://www.usenix.org/conference/usenixsecurity14/technical-sessions/presentation/yarom},
publisher = {{USENIX} Association},
month = aug,
}

@inproceedings{12,
author = {Zhong, Yuhong and Wang, Hongyi and Wu, Yu Jian and Cidon, Asaf and Stutsman, Ryan and Tai, Amy and Yang, Junfeng},
title = {BPF for Storage: An Exokernel-Inspired Approach},
year = {2021},
isbn = {9781450384384},
publisher = {Association for Computing Machinery},
address = {New York, NY, USA},
url = {https://doi.org/10.1145/3458336.3465290},
doi = {10.1145/3458336.3465290},
booktitle = {Proceedings of the Workshop on Hot Topics in Operating Systems},
pages = {128–135},
numpages = {8},
keywords = {NVM, eBPF, storage, non-volatile memory, BPF},
location = {Ann Arbor, Michigan},
series = {HotOS '21}
}

@ONLINE{13,
  author = {Bauman National Library},
  title = {{Protection ring (Operating Systems)}},
  date = {2016},
  url = {https://en.bmstu.wiki/Protection_ring_(Operating_Systems)},
  urldate = {2021-10-16}
}


@inproceedings{Ousterhout1990WhyAO,
  title={Why Aren't Operating Systems Getting Faster As Fast as Hardware?},
  author={John K. Ousterhout},
  booktitle={USENIX Summer},
  year={1990}
}

@ONLINE{14,
  author = {Intel Corporation},
  title = {{Intel® 64 and IA-32 Architectures Software Developer’s Manual, Combined Volumes: 1, 2A, 2B, 2C, 2D, 3A, 3B, 3C, 3D and 4}},
  date = {2020},
  url = {https://www.intel.com/content/dam/develop/public/us/en/documents/325462-sdm-vol-1-2abcd-3abcd.pdf},
  urldate = {2021-10-16}
}


@ONLINE{15,
  author = {Wikipedia},
  title = {{Endianness}},
  url = {https://en.wikipedia.org/wiki/Endianness},
  urldate = {2021-10-16}
}




@ONLINE{16,
  author = {Richard Stallman et al},
  title = {{The GNU Project Debugger}},
  date = {2020},
  url = {https://www.gnu.org/software/gdb/},
  urldate = {2021-10-16}
}

@ONLINE{17,
  author = {Linux manual page},
  title = {{ ptrace - process trace}},
  date = {2021},
  url = {https://man7.org/linux/man-pages/man2/ptrace.2.html},
  urldate = {2021-10-16}
}

@ONLINE{18,
  author = {Linux manual page},
  title = {{ fork - create a child process}},
  date = {2021},
  url = {https://man7.org/linux/man-pages/man2/fork.2.html},
  urldate = {2021-10-16}
}


@ONLINE{19,
  author = {Linux manual page},
  title = {{ mprotect, pkey\_mprotect - set protection on a region of memory}},
  date = {2021},
  url = {https://man7.org/linux/man-pages/man2/mprotect.2.html},
  urldate = {2021-10-16}
}

@ONLINE{20,
  author = {Linux manual page},
  title = {{ sigaction(2) — Linux manual page}},
  date = {2021},
  url = {https://man7.org/linux/man-pages/man2/sigaction.2.html},
  urldate = {2021-10-16}
}




@ONLINE{21,
  author = {Linux manual page},
  title = {{ signal(7) — Linux manual page}},
  date = {2021},
  url = {https://man7.org/linux/man-pages/man2/sigaction.2.html},
  urldate = {2021-10-16}
}

@ONLINE{22,
  author = {Linux manual page},
  title = {{ mmap, munmap - map or unmap files or devices into memory}},
  date = {2021},
  url = {https://man7.org/linux/man-pages/man2/mmap.2.html},
  urldate = {2021-10-16}
}


@ONLINE{23,
  author = { The Kernel Development Community},
  title = {{The proc Filesystem}},
  date = {2019},
  url = {https://www.kernel.org/doc/html/latest/filesystems/proc.html},
  note = {The Linux Kernel documentation},
  urldate = {2021-10-16}
}


@inproceedings{10.1145/3281411.3281443,
author = {H\o{}iland-J\o{}rgensen, Toke and Brouer, Jesper Dangaard and Borkmann, Daniel and Fastabend, John and Herbert, Tom and Ahern, David and Miller, David},
title = {The EXpress Data Path: Fast Programmable Packet Processing in the Operating System Kernel},
year = {2018},
isbn = {9781450360807},
publisher = {Association for Computing Machinery},
address = {New York, NY, USA},
url = {https://doi.org/10.1145/3281411.3281443},
doi = {10.1145/3281411.3281443},
booktitle = {Proceedings of the 14th International Conference on Emerging Networking EXperiments and Technologies},
pages = {54–66},
numpages = {13},
keywords = {XDP, DPDK, programmable networking, BPF},
location = {Heraklion, Greece},
series = {CoNEXT '18}
}


@book{10.5555/983550,
author = {Gorman, Mel},
title = {Understanding the Linux Virtual Memory Manager},
year = {2004},
isbn = {0131453483},
publisher = {Prentice Hall PTR},
address = {USA},
}


 